

@inproceedings{winnowing,
 author = {Schleimer, Saul and Wilkerson, Daniel S. and Aiken, Alex},
 title = {Winnowing: Local Algorithms for Document Fingerprinting},
 booktitle = {Proceedings of the 2003 ACM SIGMOD International Conference on Management of Data},
 series = {SIGMOD '03},
 year = {2003},
 isbn = {1-58113-634-X},
 location = {San Diego, California},
 pages = {76--85},
 numpages = {10},
 url = {http://doi.acm.org/10.1145/872757.872770},
 doi = {10.1145/872757.872770},
 acmid = {872770},
 publisher = {ACM},
 address = {New York, NY, USA},
} 

@inproceedings{Belkhouche,
 author = {Belkhouche, B. and Nix, Anastasia and Hassell, Johnette},
 title = {Plagiarism Detection in Software Designs},
 booktitle = {Proceedings of the 42Nd Annual Southeast Regional Conference},
 series = {ACM-SE 42},
 year = {2004},
 isbn = {1-58113-870-9},
 location = {Huntsville, Alabama},
 pages = {207--211},
 numpages = {5},
 url = {http://doi.acm.org/10.1145/986537.986585},
 doi = {10.1145/986537.986585},
 acmid = {986585},
 publisher = {ACM},
 address = {New York, NY, USA},
}

@ARTICLE{LatentSemanticAnalysis, 
author={Cosma, G. and Joy, M.}, 
journal={Computers, IEEE Transactions on}, 
title={An Approach to Source-Code Plagiarism Detection and Investigation Using Latent Semantic Analysis}, 
year={2012}, 
month={March}, 
volume={61}, 
number={3}, 
pages={379-394}, 
keywords={file organisation;information retrieval;security of data;source coding;PlaGate;academia;academics;information retrieval;latent semantic analysis;source-code files;source-code plagiarism detection;Matrix decomposition;Plagiarism;Programming;Semantics;Software;Tiles;Vectors;Source-code similarity detection;latent semantic analysis.;similarity investigation tool}, 
doi={10.1109/TC.2011.223}, 
ISSN={0018-9340},
}

@article{PDGOptimisation,
 author = {Ferrante, Jeanne and Ottenstein, Karl J. and Warren, Joe D.},
 title = {The Program Dependence Graph and Its Use in Optimization},
 journal = {ACM Trans. Program. Lang. Syst.},
 issue_date = {July 1987},
 volume = {9},
 number = {3},
 month = jul,
 year = {1987},
 issn = {0164-0925},
 pages = {319--349},
 numpages = {31},
 url = {http://doi.acm.org/10.1145/24039.24041},
 doi = {10.1145/24039.24041},
 acmid = {24041},
 publisher = {ACM},
 address = {New York, NY, USA},
} 

@inproceedings{GPLAG,
 author = {Liu, Chao and Chen, Chen and Han, Jiawei and Yu, Philip S.},
 title = {GPLAG: Detection of Software Plagiarism by Program Dependence Graph Analysis},
 booktitle = {Proceedings of the 12th ACM SIGKDD International Conference on Knowledge Discovery and Data Mining},
 series = {KDD '06},
 year = {2006},
 isbn = {1-59593-339-5},
 location = {Philadelphia, PA, USA},
 pages = {872--881},
 numpages = {10},
 url = {http://doi.acm.org/10.1145/1150402.1150522},
 doi = {10.1145/1150402.1150522},
 acmid = {1150522},
 publisher = {ACM},
 address = {New York, NY, USA},
 keywords = {graph mining, program dependence graph, software plagiarism detection},
} 

@article{GreedyStringTiling,
  title={String similarity via greedy string tiling and running Karp-Rabin matching},
  author={Wise, Michael J},
  journal={Online Preprint, Dec},
  volume={119},
  year={1993}
}

@article{JPlag,
  title={Finding plagiarisms among a set of programs with JPlag},
  author={Prechelt, Lutz and Malpohl, Guido and Philippsen, Michael},
  journal={J. UCS},
  volume={8},
  number={11},
  pages={1016},
  year={2002}
}

@techreport{CloneDetection,
  title={A survey on software clone detection research},
  author={Roy, Chanchal Kumar and Cordy, James R},
  year={2007},
  institution={Citeseer}
}

@article{ParseTreeKernel,
title = "An application for plagiarized source code detection based on a parse tree kernel ",
journal = "Engineering Applications of Artificial Intelligence ",
volume = "26",
number = "8",
pages = "1911 - 1918",
year = "2013",
note = "",
issn = "0952-1976",
doi = "http://dx.doi.org/10.1016/j.engappai.2013.06.007",
url = "http://www.sciencedirect.com/science/article/pii/S0952197613001085",
author = "Jeong-Woo Son and Tae-Gil Noh and Hyun-Je Song and Seong-Bae Park",
keywords = "Plagiarism detection",
keywords = "Software plagiarism",
keywords = "Parse tree kernel",
keywords = "Tree kernel "
}

@INPROCEEDINGS{NLPKernel,
    author = {Michael Collins and Nigel Duffy},
    title = {Convolution Kernels for Natural Language},
    booktitle = {Advances in Neural Information Processing Systems 14},
    year = {2001},
    pages = {625--632},
    publisher = {MIT Press}
}

@INPROCEEDINGS{OtherPDG, 
author={Krinke, J.}, 
booktitle={Reverse Engineering, 2001. Proceedings. Eighth Working Conference on}, 
title={Identifying similar code with program dependence graphs}, 
year={2001}, 
month={}, 
pages={301-309}, 
keywords={computational complexity;computational linguistics;data flow analysis;directed graphs;software maintenance;attributed directed graphs;data flow;non polynomial complexity;program dependence graphs;similar code identification;similar subgraphs;syntactic program structure;Flow graphs;Polynomials;Programming profession;Prototypes;Software maintenance;Software prototyping;Software systems}, 
doi={10.1109/WCRE.2001.957835}, 
ISSN={1095-1350},}

@INPROCEEDINGS{DucasseText, 
author={Ducasse, S. and Rieger, M. and Demeyer, S.}, 
booktitle={Software Maintenance, 1999. (ICSM '99) Proceedings. IEEE International Conference on}, 
title={A language independent approach for detecting duplicated code}, 
year={1999}, 
month={}, 
pages={109-118}, 
keywords={program processors;program visualisation;software maintenance;software tools;duplicated code detection;language independent approach;large software evolution;large software maintenance;visual approach;Application software;Computer industry;Costs;Gas detectors;Programming profession;Read only memory;Software maintenance;Software systems;Testing;Writing}, 
doi={10.1109/ICSM.1999.792593}, 
ISSN={1063-6773},}